@misc{svm-cancer,
	Author = {Heliana Bezerra Soares},
	Date-Added = {2013-03-23 21:39:21 +0000},
	Date-Modified = {2015-04-27 22:43:06 +0000},
	Howpublished = {UFRN},
	Keywords = {vetor de suporte},
	Title = {Análise e Classificação de Imagens de lesões da pele por atributos de cor, forma e textura utilizando máquina de vetor de suporte},
	Url = {https://repositorio.ufrn.br/jspui/bitstream/123456789/15118/1/HelianaBS_TESE.pdf},
	Urlaccessdate = {21 set 2019},
	Year = {2008},
	Bdsk-Url-1 = {https://repositorio.ufrn.br/jspui/bitstream/123456789/15118/1/HelianaBS_TESE.pdf}}


@misc{seg-imagens-satelite,
	Author = { Guaraci José Erhal and Leila Maria Garcia Fonseca and Leonardo Sant' Anna Bins and Flávio Roberto Dias Velasco and Antônio Miguel Vieira Monteiro},
	Date-Added = {2013-03-23 21:39:21 +0000},
	Date-Modified = {2015-04-27 22:43:06 +0000},
	Howpublished = {INPE},
	Keywords = {SATELITE},
	Title = {Um Sistema de Segmentação e Classificação de Imagens De Satélite},
	Url = {http://sibgrapi.sid.inpe.br/col/sid.inpe.br/sibgrapi/2012/09.28.17.13/doc/Um%20sistema%20de%20segmentacao%20e%20classificacao.pdf},
	Urlaccessdate = {21 set 2019},
	Year = {1991},
	Bdsk-Url-1 = {http://sibgrapi.sid.inpe.br/col/sid.inpe.br/sibgrapi/2012/09.28.17.13/doc/Um%20sistema%20de%20segmentacao%20e%20classificacao.pdf}}


@misc{emocoes-em-texto,
	Author = {Mariza Miola Dosciatti and Lohann Paterno Coutinho Ferreira and Emerson Cabrera Paraiso},
	Date-Added = {2013-03-23 21:39:21 +0000},
	Date-Modified = {2015-04-27 22:43:06 +0000},
	Howpublished = {PPGIA},
	Keywords = {SVM},
	Title = {Identificando Emoções em Textos em Português do Brasil usando Máquina de Vetores de Suporte em Solução Multiclasse},
	Url = {http://www.ppgia.pucpr.br/~paraiso/mineracaodeemocoes/recursos/emocoesENIAC2013.pdf},
	Urlaccessdate = {21 set 2019},
	Year = {2013},
	Bdsk-Url-1 = {http://www.ppgia.pucpr.br/~paraiso/mineracaodeemocoes/recursos/emocoesENIAC2013.pdf}}


@book{benIA,
	Address = {Rio de Janeiro},
	Author = {Ben Coppin},
	Date-Added = {2013-08-21 13:56:10 +0000},
	Date-Modified = {2013-08-21 13:56:10 +0000},
	Edition = {1},
	Organization = {http://biblioteca.ibge.gov.br/visualizacao/livros/liv23907.pdf},
	Publisher = {LTC - Livros Técnicos e Científicos Editora S.A.},
	Title = {Inteligência Artificial},
	Urlaccessdate = {22 set 2019},
	Year = {2004}}

@misc{ocr-digitos,
	Author = {F. C. Ribas and L. S. Oliveira and A. S. Britto Jr. and R. Sabourin},
	Date-Added = {2013-03-23 21:39:21 +0000},
	Date-Modified = {2015-04-27 22:43:06 +0000},
	Howpublished = {UFPR},
	Keywords = {OCR},
	Title = {Handwritten digit segmentation: a comparative study},
	Url = {http://www.inf.ufpr.br/lesoliveira/download/IJDAR2012.pdf},
	Urlaccessdate = {22 set 2019},
	Year = {2012},
	Bdsk-Url-1 = {http://www.inf.ufpr.br/lesoliveira/download/IJDAR2012.pdf}}


@misc{lbp-opencv,
	Author = {Adrian Rosebrock},
	Date-Added = {2013-03-23 21:39:21 +0000},
	Date-Modified = {2015-04-27 22:43:06 +0000},
	Howpublished = {pyimagesearch},
	Keywords = {lbp},
	Title = {Local Binary Patterns with Python \& OpenCV},
	Url = {https://www.pyimagesearch.com/2015/12/07/local-binary-patterns-with-python-opencv/},
	Urlaccessdate = {22 set 2019},
	Year = {2015},
	Bdsk-Url-1 = {https://www.pyimagesearch.com/2015/12/07/local-binary-patterns-with-python-opencv/}}

@misc{hog-opencv,
	Author = {Satya Mallick},
	Date-Added = {2013-03-23 21:39:21 +0000},
	Date-Modified = {2015-04-27 22:43:06 +0000},
	Howpublished = {learnopencv},
	Keywords = {hog},
	Title = {Histogram of Oriented Gradients},
	Url = {https://www.learnopencv.com/histogram-of-oriented-gradients/},
	Urlaccessdate = {22 set 2019},
	Year = {2016},
	Bdsk-Url-1 = {https://www.learnopencv.com/histogram-of-oriented-gradients/}}


@misc{overfitting,
	Author = {Warren S. Sarle},
	Date-Added = {2013-03-23 21:39:21 +0000},
	Date-Modified = {2015-04-27 22:43:06 +0000},
	Howpublished = {overfitting},
	Keywords = {overfitting},
	Title = {Stopped Training and Other Remedies for Overfitting},
	Url = {https://s3.amazonaws.com/academia.edu.documents/31153602/1329.pdf},
	Urlaccessdate = {22 set 2019},
	Year = {2016},
	Bdsk-Url-1 = {https://s3.amazonaws.com/academia.edu.documents/31153602/1329.pdf}}


@book{isIA,
	Address = {Rio de Janeiro},
	Author = {Isaias Lima and Carlos A. M. Pinheiro and Flávia A. Oliveira Santos},
	Date-Added = {2013-08-21 13:56:10 +0000},
	Date-Modified = {2013-08-21 13:56:10 +0000},
	Edition = {1},
	Organization = {http://biblioteca.ibge.gov.br/visualizacao/livros/liv23907.pdf},
	Publisher = {CAMPUS},
	Title = {Inteligência Artificial},
	Urlaccessdate = {22 set 2019},
	Year = {2014}}


@misc{basic-concepts,
	Author = {Alceu Britto},
	Date-Added = {2013-03-23 21:39:21 +0000},
	Date-Modified = {2015-04-27 22:43:06 +0000},
	Howpublished = {basic-concepts},
	Keywords = {basic-concepts},
	Title = {Conceitos Básicos},
	Url = {http://www.ppgia.pucpr.br/~alceu/am/1%20-%20Introduction%20to%20ML/Conceitos%20B%e1sicos.pdf},
	Urlaccessdate = {22 set 2019},
	Year = {2019},
	Bdsk-Url-1 = {http://www.ppgia.pucpr.br/~alceu/am/1%20-%20Introduction%20to%20ML/Conceitos%20B%e1sicos.pdf}}